<record><leader>00000cas a22000007a 4500</leader><controlfield tag="001">11757817</controlfield><controlfield tag="008">850304d18751882mnuwr ne      0    0eng d</controlfield><datafield ind1=" " ind2=" " tag="010"><subfield code="a">sn 85025472 </subfield></datafield><datafield ind1=" " ind2=" " tag="040"><subfield code="a">NPX</subfield><subfield code="b">eng</subfield><subfield code="c">NPX</subfield><subfield code="d">MN#</subfield><subfield code="d">OCLCQ</subfield><subfield code="d">OCLCF</subfield><subfield code="d">OCLCO</subfield></datafield><datafield ind1=" " ind2=" " tag="042"><subfield code="a">msc</subfield></datafield><datafield ind1=" " ind2=" " tag="043"><subfield code="a">n-us-mn</subfield></datafield><datafield ind1=" " ind2=" " tag="052"><subfield code="a">4144</subfield><subfield code="b">E5</subfield></datafield><datafield ind1=" " ind2=" " tag="052"><subfield code="a">4143</subfield><subfield code="b">S4</subfield></datafield><datafield ind1="0" ind2="0" tag="245"><subfield code="a">Elk River weekly news.</subfield></datafield><datafield ind1=" " ind2=" " tag="260"><subfield code="a">Elk River, Sherburne County, Minn. :</subfield><subfield code="b">F.D. Carson</subfield></datafield><datafield ind1=" " ind2=" " tag="300"><subfield code="a">v.</subfield></datafield><datafield ind1=" " ind2=" " tag="310"><subfield code="a">Weekly</subfield></datafield><datafield ind1="1" ind2=" " tag="362"><subfield code="a">Began in May 1875; ceased in Aug. 1882.</subfield></datafield><datafield ind1=" " ind2=" " tag="530"><subfield code="a">Available on microfilm from the Minnesota Historical Society.</subfield></datafield><datafield ind1=" " ind2=" " tag="588"><subfield code="a">Description based on: Vol. 4, no. 26 (July 1, 1875).</subfield></datafield><datafield ind1=" " ind2="0" tag="651"><subfield code="a">Elk River (Minn.)</subfield><subfield code="v">Newspapers.</subfield></datafield><datafield ind1=" " ind2="7" tag="655"><subfield code="a">Newspapers.</subfield><subfield code="2">fast</subfield><subfield code="0">(OCoLC)fst01423814</subfield></datafield><datafield ind1=" " ind2="7" tag="651"><subfield code="a">Minnesota</subfield><subfield code="z">Elk River.</subfield><subfield code="2">fast</subfield><subfield code="0">(OCoLC)fst01216218</subfield></datafield><datafield ind1=" " ind2=" " tag="752"><subfield code="a">United States</subfield><subfield code="b">Minnesota</subfield><subfield code="c">Sherburne</subfield><subfield code="d">Elk River.</subfield></datafield><datafield ind1="0" ind2=" " tag="775"><subfield code="t">Elk River daily news</subfield><subfield code="w">(DLC)sn 91059310</subfield></datafield><datafield ind1="0" ind2="0" tag="780"><subfield code="t">Sherburne County news</subfield><subfield code="w">(DLC)sn 85033501</subfield></datafield><datafield ind1="0" ind2="7" tag="785"><subfield code="t">Sherburne County star</subfield><subfield code="w">(DLC)sn 85025473</subfield></datafield><datafield ind1="0" ind2="7" tag="785"><subfield code="t">Sherburne County star-news</subfield><subfield code="w">(DLC)sn 91059311</subfield></datafield></record>